@book{stirling1753,
  TITLE = {Methodus differentialis: sive tractatus de summatione et interpolatione serierum infinitarum},
  AUTHOR = {Stirling, James},
  YEAR = {1753},
}
